@article{Kobayashi:2000:IRW:358923.358934,
author = {Kobayashi, Mei and Takeda, Koichi},
title = {Information retrieval on the web},
journal = {ACM Comput. Surv.},
volume = {32},
issue = {2},
month = {June},
year = {2000},
issn = {0360-0300},
pages = {144--173},
numpages = {30},
url = {http://doi.acm.org/10.1145/358923.358934},
doi = {http://doi.acm.org/10.1145/358923.358934},
acmid = {358934},
publisher = {ACM},
address = {New York, NY, USA},
keywords = {Internet, World Wide Web, clustering, indexing, information retrieval, knowledge management, search engine},
}


@article{al2002semantic,
title={{Semantic modeling and knowledge representation in multimedia databases}},
author={Al-Khatib, W. and Day, YF and Ghafoor, A. and Berra, PB},
journal={Knowledge and Data Engineering, IEEE Transactions on},
volume={11},
number={1},
pages={64--80},
issn={1041-4347},
year={2002},
publisher={IEEE}
}

@article{tsinaraki2005ontology,
title={{Ontology-based semantic indexing for MPEG-7 and TV-Anytime audiovisual content}},
author={Tsinaraki, C. and Polydoros, P. and Kazasis, F. and Christodoulakis, S.},
journal={Multimedia Tools and Applications},
volume={26},
number={3},
pages={299--325},
issn={1380-7501},
year={2005},
publisher={Springer}
}

@conference{tsinaraki2010ontology,
title={{An ontology-driven framework for the management of semantic metadata describing audiovisual information}},
author={Tsinaraki, C. and Fatourou, E. and Christodoulakis, S.},
booktitle={Advanced Information Systems Engineering},
pages={1033--1033},
year={2010},
organization={Springer}
}

@article{lux2006complexity,
title={{On the Complexity of Annotation with the High Level Metadata}},
author={Lux, M. and Klieber, W. and Granitzer, M.},
journal={Journal of Universal Knowledge Management},
volume={1},
number={1},
pages={54--58},
year={2006},
publisher={Citeseer}
}
@article{dollerdigital,
title={{Digital Preservation: The Multimedia Standards way}},
author={D{\\"o}ller, M. and Coquil, D.}
}

@conference{tsinaraki2001video,
title={{A video metadata model supporting personalization \& recommendation in video-based services}},
author={Tsinaraki, C. and Papadomanolakis, S. and Christodoulakis, S.},
booktitle={Proceedings of the MDDE Workshop},
pages={104--109},
year={2001},
organization={Citeseer}
}

@website{tvdb,
    title={Programmerâ€™s API - TVDB Wiki},
    url={http://thetvdb.com/wiki/index.php?title=Programmers_API},
    note={http://thetvdb.com/wiki/index.php?title=Programmers_API}
}

@patent{patent:20100287474,
title     = "METHOD AND APPARATUS FOR PRESENTING A SEARCH UTILITY IN AN EMBEDDED VIDEO",
number    = "20100287474",
author    = "Feng, Eric I. and Hua, Zheng ",
year      = "2010",
month     = "November",
url       = "http://www.freepatentsonline.com/y2010/0287474.html"
}

@article{smeaton2007techniques,
title={{Techniques used and open challenges to the analysis, indexing and retrieval of digital video}},
author={Smeaton, A.F.},
journal={Information Systems},
volume={32},
number={4},
pages={545--559},
issn={0306-4379},
year={2007},
publisher={Elsevier}
}

@article{lee2006user,
title={{User evaluation of F{\'\i}schl{\'a}r-News: an automatic broadcast news delivery system}},
author={Lee, H. and Smeaton, A.F. and O'connor, N.E. and Smyth, B.},
journal={ACM Transactions on Information Systems (TOIS)},
volume={24},
number={2},
pages={145--189},
issn={1046-8188},
year={2006},
publisher={ACM}
}

@conference{brunkhorst2006beagle++,
title={{The beagle++ toolbox: Towards an extendable desktop search architecture}},
author={Brunkhorst, I. and Chirita, P.A. and Costache, S. and Gaugaz, J. and Ioannou, E. and Iofciu, T. and Minack, E. and Nejdl, W. and Paiu, R.},
booktitle={Semantic Desktop Workshop},
year={2006},
organization={Citeseer}
}

@misc{applex,
title={{OS X spotlight}},
author={Apple, MAC}
}
@article{goodwin2010appliance,
title={{Appliance Hacking}},
author={Goodwin, S.},
journal={Smart Home Automation with Linux},
pages={49--83},
year={2010},
publisher={Springer}
}
@article{schopman2010notube,
title={{NoTube: making the Web part of personalised TV}},
author={Schopman, B. and Brickly, D. and Aroyo, L. and Van Aart, C. and Buser, V. and Siebes, R. and Nixon, L. and Miller, L. and Malaise, V. and Minno, M. and others},
year={2010}
}


